@article{laine2010efficient,
  title={Efficient sparse voxel octrees},
  author={Laine, Samuli and Karras, Tero},
  journal={IEEE Transactions on Visualization and Computer Graphics},
  volume={17},
  number={8},
  pages={1048--1059},
  year={2010},
  publisher={IEEE}
}

@inproceedings{lorensen1987marching,
    author = {Lorensen, William E. and Cline, Harvey E.},
    title = {Marching Cubes: A High Resolution 3D Surface Construction Algorithm},
    year = {1987},
    isbn = {0897912276},
    publisher = {Association for Computing Machinery},
    address = {New York, NY, USA},
    url = {https://doi.org/10.1145/37401.37422},
    doi = {10.1145/37401.37422},
    booktitle = {Proceedings of the 14th Annual Conference on Computer Graphics and Interactive Techniques},
    pages = {163–169},
    numpages = {7},
    series = {SIGGRAPH ’87}
}

@misc{ wiki:voxels_svg,
 author = "{{Wikimedia Commons}}",
 title = "File:Voxels.svg --- Wikimedia Commons{,} the free media repository",
 year = "2018",
 url = "https://commons.wikimedia.org/w/index.php?title=File:Voxels.svg&oldid=314773564",
 note = "[Online; accessed 2-January-2020]"
}

@misc{newsoundgames2012,
 author = {{New Sound Games}},
 year = {2012},
 title = {Sparse Voxel Octree demo.},
 url = {https://youtu.be/km0DpZUgvbg},
 urldate = {2020-01-03}
}

@online{barnes2011,
 author = {Tavian Barnes},
 year = {2011},
 title = {Fast, branchless ray/bounding box intersections},
 url = {https://tavianator.com/fast-branchless-raybounding-box-intersections/},
 urldate = {2020-01-03}
}

@article{majercik2018ray,
  title={A Ray-Box Intersection Algorithm and Efficient Dynamic Voxel Rendering},
  author={Majercik, Alexander and Crassin, Cyril and Shirley, Peter and McGuire, Morgan},
  journal={Journal of Computer Graphics Techniques Vol},
  volume={7},
  number={3},
  year={2018}
}

@online{bailey2014,
  title={How to Use and Teach OpenGL Compute Shaders},
  author={Mike Bailey},
  year={2014},
  url={https://www.khronos.org/assets/uploads/developers/library/2014-siggraph-bof/KITE-BOF_Aug14.pdf},
  urldate={2020-01-03}
}

@online{gldocs,
  title={OpenGL 4 Reference Pages},
  author={{Khronos Group}},
  url={https://www.khronos.org/registry/OpenGL-Refpages/gl4/},
  urldate={2020-01-03}
}

@book{meagher1980octree,
  title={Octree encoding: A new technique for the representation, manipulation and display of arbitrary 3-d objects by computer},
  author={Meagher, Donald JR},
  year={1980},
  publisher={Electrical and Systems Engineering Department Rensseiaer Polytechnic~…}
}

@book{lengyel2016math,
  title={Foundations of Game Engine Development, Volume 1: Mathematics},
  author={Eric Lengyel},
  year={2016},
  isbn={978-0985811747},
  publisher={Terathon Software LLC}
}

@online{healy2019perspective,
  title={Computer Graphics II:  Transformations},
  author={Patrick Healy},
  year={2019},
  url={http://garryowen.csisdmz.ul.ie/~cs4085/resources/lect04.pdf},
  urldate={2020-01-04}
}

@online{healy2019quaternions,
  title={Computer Graphics II:  Transformations},
  author={Patrick Healy},
  year={2019},
  url={http://garryowen.csisdmz.ul.ie/~cs4085/resources/lect04.pdf},
  urldate={2020-01-04}
}

@inproceedings{van2013understanding,
  title={Math for Game Developers: Understanding quaternions},
  author={Jim {Van Verth}},
  year={2013},
  booktitle={Game Developers Conference}
}

@online{fingas2015minecraft,
  title={Here's how 'Minecraft' creates its gigantic worlds},
  author={Jon Fingas},
  year={2015},
  publisher={Engadget},
  url={https://www.engadget.com/2015/03/04/how-minecraft-worlds-are-made/},
  urldate={2020-01-04}
}

@online{minecraftchunkformat,
  title={Chunk format},
  author={{Minecraft Wiki Contributors}},
  year={2019},
  url={https://minecraft.gamepedia.com/index.php?title=Chunk_format&oldid=1478710},
  urldate={2020-01-04}
}

@inproceedings{wyman2015vulkan,
    author = {Wyman, Chris and Foley, Tim and Sellers, Graham and McMullen, Max and Hall, Jesse and Baker, Dan and Ginsburg, Dan and Pranckevicius, Aras},
    title = {An Overview of Next-Generation Graphics APIs},
    year = {2015},
    isbn = {9781450336345},
    publisher = {Association for Computing Machinery},
    address = {New York, NY, USA},
    url = {https://doi.org/10.1145/2776880.2787704},
    doi = {10.1145/2776880.2787704},
    booktitle = {ACM SIGGRAPH 2015 Courses},
    articleno = {Article 4},
    numpages = {1},
    location = {Los Angeles, California},
    series = {SIGGRAPH ’15}
}

@misc{lowy2019glfw,
author =   {Camilla L\"{o}wy},
title =    {GLFW 3},
note =  {[Software Library]},
howpublished = {\url{https://glfw.org/}},
year = {2019}
}

@misc{herberth2019glad,
author={David Herberth},
title={GLAD},
note={[Software Library]},
howpublished={\url{https://github.com/Dav1dde/glad}},
year={2019}
}

@article{francisco2017comparison,
author = {Sans, Francisco and Carmona, Rhadamés},
year = {2017},
month = {08},
pages = {7},
title = {A Comparison between GPU-based Volume Ray Casting Implementations: Fragment Shader, Compute Shader, OpenCL, and CUDA},
volume = {20},
journal = {CLEI Electronic Journal},
doi = {10.19153/cleiej.20.2.7}
}

@online{burjack2017,
  title={Ray tracing with OpenGL Compute Shaders (Part I)},
  author={Kai Burjack},
  year={2017},
  url={https://github.com/LWJGL/lwjgl3-wiki/wiki/2.6.1.-Ray-tracing-with-OpenGL-Compute-Shaders-\%28Part-I\%29},
  urldate={2020-01-04}
}

@inproceedings{mckendrick2017nomanssky,
    author = {Innes McKendrick},
    title = {Continuous World Generation in No Man's Sky},
    year = {2017},
    booktitle = {Game Developers Conference},
}

@online{evans2015dreams,
  author={Alex Evans},
  title={Learning From Failure},
  year={2015},
  url={https://www.youtube.com/watch?v=u9KNtnCZDMI},
  urldate={2020-01-05}
}

@inproceedings{crassin2009gigavoxels,
  title={Gigavoxels: Ray-guided streaming for efficient and detailed voxel rendering},
  author={Crassin, Cyril and Neyret, Fabrice and Lefebvre, Sylvain and Eisemann, Elmar},
  booktitle={Proceedings of the 2009 symposium on Interactive 3D graphics and games},
  pages={15--22},
  year={2009},
  organization={ACM}
}

@techreport{morton1966computer,
  title={A computer oriented geodetic data base and a new technique in file sequencing},
  author={Morton, Guy M},
  year={1966},
  institution={International Business Machines Company New York}
}

@online{googlescholarvoxels,
  title={Voxel Rendering - Google Scholar},
  author={{Google}},
  year={2020},
  url={https://scholar.google.com/scholar?hl=en&as_sdt=0\%2C5&q=voxel+rendering&btnG=},
  urldate={2020-01-06}
}

@online{gfxbench,
  title={GFXBench - unified graphics benchmark based on DXBenchmark (DirectX) and GLBenchmark (OpenGL ES)},
  author={GFXBench},
  year={2018},
  url={https://gfxbench.com/result.jsp?benchmark=gfx50&test=757&order=median&text-filter=1080\%20Ti&base=device&os-check-Windows_dx12=0&arch-check-ARM=0&arch-check-unknown=0},
  urldate={2020-01-06}
}